%%%%%%%%%%%%%%%%%%%%%%%%%%%%%%%%%%%%%%%%%%%%%%%%%%%%%%%%%%%%%%%%%%%%%%% 
% REFERENCES
%%%%%%%%%%%%%%%%%%%%%%%%%%%%%%%%%%%%%%%%%%%%%%%%%%%%%%%%%%%%%%%%%%%%%%
@online{TransferSpending,
  author    = {Poli, Raffaele and Ravenel, Loic and Besson, Roger},
  title     = {Global economic analysis of the transfer market (2015-2024) - CIES Football Observatory},
  year      = {2024},
  url       = {https://football-observatory.com/MonthlyReport97},
  urldate   = {2024-09-01},
  organization = {Football Observatory}
}

@online{Worldcupratings,
  author    = {Summerscales, Robert},
  title     = {FIFA World Cup Final Beat Super Bowl LVI By More Than One BILLION Viewers In TV Ratings},
  year      = {2023},
  url       = {https://www.si.com/fannation/soccer/futbol/news/how-fifa-world-cup-final-beat-super-bowl-lvi-in-tv-ratings},
  urldate   = {2023-01-18},
  organization = {Sports Illustrated}
}

@online{Lewandowski,
  author    = {Chalke, Rahul},
  title     = {Robert Lewandowski salary: How much does Barcelona star earn per week and annually in LaLiga?},
  year      = {2025},
  url       = {https://www.goal.com/en-us/lists/robert-lewandowski-salary-barcelona-star-earn-per-week-annually-laliga/bltcb91c9fde8d242f1s},
  urldate   = {2025-03-17},
  organization = {GOAL}
}

@online{Wisdom_Crowd,
  title={The Wisdom of the Crowd},
  author={Smith, Rory},
  year={2021},
  month={8},
  url={https://www.nytimes.com/2021/08/12/sports/soccer/soccer-football-transfermarkt.html},
  note={The New York Times. August 12th, 2021}
}

@software{GithubAPI,
  author       = {Allegretti, Felipe},
  title        = {transfermarkt-api: {API} service to get data from {Transfermarkt}},
  year         = {2023},
  publisher    = {GitHub},
  journal      = {GitHub repository},
  url          = {https://github.com/felipeall/transfermarkt-api}
}