@online{FIFA_Views,
  title={{FIFA} World Cup Final Beat Super Bowl {LVI} By More Than One {BILLION} Viewers In {TV} Ratings},
  author={Summerscales, Robert},
  year={2023},
  month={1},
  url={https://www.si.com/fannation/soccer/futbol/news/how-fifa-world-cup-final-beat-super-bowl-lvi-in-tv-ratings},
  note={Sport Illustrated. Jan 18, 2023}
}

@online{Wisdom_Crowd,
  title={The Wisdom of the Crowd},
  author={Smith, Rory},
  year={2021},
  month={8},
  url={https://www.nytimes.com/2021/08/12/sports/soccer/soccer-football-transfermarkt.html},
  note={The New York Times. August 12th, 2021}
}

@article{Herm2014,
  author={Herm, Steffen and Callsen-Bracker, Hans-Markus and Kreis, Henning},
  title={When the crowd evaluates soccer players' market values: Accuracy and evaluation attributes of an online community},
  journal={Sport Management Review},
  volume={17},
  number={4},
  pages={484--492},
  year={2014},
  publisher={Elsevier},
  doi={10.1016/j.smr.2013.12.006}
}

@article{Detzen2023,
  author={Detzen, Dominic and Lohlein Lukas},
  title={Valuing soccer players: on the valuation dynamics of an online user community},
  journal={Accounting, Auditing & Accountability Journal},
  volume={37},
  number={2},
  pages={608-626},
  year={2023},
  doi={10.1108/aaaj-05-2022-5824}
}

@article{Bell2023,
  author={Bell, Adrian and Brooks, Chris and Brooks, Rohan},
  title={Are English football players overvalued?},
  journal={Applied Economics},
  volume={56},
  number={21},
  pages={1-17},
  year={2023},
  doi={10.1080/00036846.2023.2192032}
}

@online{Global_economic,
  title={Global economic analysis of the transfer market (2015-2024)},
  author={Raffaele, Poli and Ravenel, Loic and Besson, Roger},
  year={2024},
  month={9},
  url={https://football-observatory.com/MonthlyReport97},
  note={Football Observatory. September 2024}
}